<record><leader>00000cas a22000007a 4500</leader><controlfield tag="001">13664645</controlfield><controlfield tag="008">860530d19091909inudn ne      0    0eng d</controlfield><datafield ind1=" " ind2=" " tag="010"><subfield code="a">sn 86058581 </subfield></datafield><datafield ind1=" " ind2=" " tag="040"><subfield code="a">NPI</subfield><subfield code="b">eng</subfield><subfield code="c">NPI</subfield><subfield code="d">OCLCQ</subfield><subfield code="d">IUL</subfield><subfield code="d">OCLCF</subfield></datafield><datafield ind1=" " ind2=" " tag="042"><subfield code="a">msc</subfield></datafield><datafield ind1=" " ind2=" " tag="043"><subfield code="a">n-us-in</subfield></datafield><datafield ind1="0" ind2=" " tag="130"><subfield code="a">New Castle tribune (New Castle, Ind. : 1909)</subfield></datafield><datafield ind1="1" ind2="4" tag="245"><subfield code="a">The New Castle tribune.</subfield></datafield><datafield ind1=" " ind2=" " tag="260"><subfield code="a">New Castle, Ind. :</subfield><subfield code="b">New Castle Tribune Co.</subfield></datafield><datafield ind1=" " ind2=" " tag="300"><subfield code="a">v. :</subfield><subfield code="b">ill. ;</subfield><subfield code="c">55 cm.</subfield></datafield><datafield ind1=" " ind2=" " tag="310"><subfield code="a">Daily (except Sun.)</subfield></datafield><datafield ind1="1" ind2=" " tag="362"><subfield code="a">Began in Mar. 1909.</subfield></datafield><datafield ind1="1" ind2=" " tag="362"><subfield code="a">Ceased in 1909.</subfield><subfield code="z">Cf. N.W. Ayer &amp; Son American newspaper annual and directory.</subfield></datafield><datafield ind1=" " ind2=" " tag="500"><subfield code="a">Published in morning and evening editions.</subfield></datafield><datafield ind1=" " ind2=" " tag="500"><subfield code="a">Independent.</subfield></datafield><datafield ind1=" " ind2=" " tag="500"><subfield code="a">Description based: Vol. 1, no. 261 (Mar. 30, 1909).</subfield></datafield><datafield ind1=" " ind2=" " tag="580"><subfield code="a">Published also in a weekly edition called: Henry County tribune.</subfield></datafield><datafield ind1=" " ind2="0" tag="651"><subfield code="a">New Castle (Ind.)</subfield><subfield code="v">Newspapers.</subfield></datafield><datafield ind1=" " ind2="0" tag="651"><subfield code="a">Henry County (Ind.)</subfield><subfield code="v">Newspapers.</subfield></datafield><datafield ind1=" " ind2="7" tag="651"><subfield code="a">Indiana</subfield><subfield code="z">Henry County.</subfield><subfield code="2">fast</subfield><subfield code="0">(OCoLC)fst01209009</subfield></datafield><datafield ind1=" " ind2="7" tag="651"><subfield code="a">Indiana</subfield><subfield code="z">New Castle.</subfield><subfield code="2">fast</subfield><subfield code="0">(OCoLC)fst01236657</subfield></datafield><datafield ind1=" " ind2="7" tag="655"><subfield code="a">Newspapers.</subfield><subfield code="2">fast</subfield><subfield code="0">(OCoLC)fst01423814</subfield></datafield><datafield ind1=" " ind2=" " tag="752"><subfield code="a">United States</subfield><subfield code="b">Indiana</subfield><subfield code="c">Henry</subfield><subfield code="d">New Castle.</subfield></datafield><datafield ind1="1" ind2=" " tag="775"><subfield code="t">Henry County tribune</subfield><subfield code="w">(DLC)sn 86058570</subfield><subfield code="w">(OCoLC)13664609</subfield></datafield><datafield ind1="0" ind2="0" tag="780"><subfield code="t">New Castle evening tribune</subfield><subfield code="w">(DLC)sn 86058580</subfield><subfield code="w">(OCoLC)13664638</subfield></datafield></record>